@article{murca2020characterizing,
  author    = {Murça, M. C. R. and Guterres, M. X. and Oliveira, M. and Szenczuk, J. B. T. and Souza, W. S. S.},
  title     = {Characterizing the Brazilian airspace structure and air traffic performance via trajectory data analytics},
  journal   = {Journal of Air Transport Management},
  volume    = {85},
  pages     = {101798},
  year      = {2020}
}

@article{caetano2022criteria,
  author    = {Caetano, M. and Silva, E. J. and Vieira, D. J. and Alves, C. J. P. and Muller, C.},
  title     = {Criteria prioritization for investment policies in General Aviation aerodromes},
  journal   = {Regional Science Policy and Practice},
  volume    = {14},
  pages     = {1--23},
  year      = {2022}
}

@article{szenczuk2021causalvertical,
  author    = {Szenczuk, J. B. T. and Murça, M. C. R. and Souza, W. S. S. and Gomes, R. A.},
  title     = {Causal analysis of vertical flight inefficiency during descents},
  journal   = {Transportes},
  year      = {2021}
}

